<record xmlns='http://www.loc.gov/MARC21/slim'><leader>01725cim a22003732u 4500</leader><controlfield tag='001'>3601956</controlfield><controlfield tag='005'>20151214183004.0</controlfield><controlfield tag='007'>ss|lmnjluz|nuu</controlfield><controlfield tag='008'>991101s1988    nyunnn         l    eng d</controlfield><datafield ind1=' ' ind2=' ' tag='035'><subfield code='a'>(NIC)notisASF9021</subfield></datafield><datafield ind1=' ' ind2=' ' tag='035'><subfield code='a'>3601956</subfield></datafield><datafield ind1=' ' ind2=' ' tag='035'><subfield code='a'>(OCoLC)63898551</subfield></datafield><datafield ind1=' ' ind2=' ' tag='040'><subfield code='a'>NIC</subfield><subfield code='c'>NIC</subfield><subfield code='d'>NIC</subfield><subfield code='d'>NIC</subfield></datafield><datafield ind1='1' ind2=' ' tag='100'><subfield code='a'>Mernissi, Fatima.</subfield></datafield><datafield ind1='1' ind2='4' tag='245'><subfield code='a'>The veil as magic in non-Democratic Islam: the word and the deed or the symbolic management of incoherence</subfield><subfield code='h'>[sound recording]</subfield></datafield><datafield ind1=' ' ind2=' ' tag='260'><subfield code='c'>1988.</subfield></datafield><datafield ind1=' ' ind2=' ' tag='300'><subfield code='a'>1 sound cassette :</subfield><subfield code='b'>analog, mono.</subfield></datafield><datafield ind1=' ' ind2=' ' tag='500'><subfield code='a'>Recorded in Ithaca, NY by Cornell University.</subfield></datafield><datafield ind1=' ' ind2=' ' tag='500'><subfield code='a'>Accompanied by: Notes.</subfield></datafield><datafield ind1=' ' ind2=' ' tag='500'><subfield code='a'>Sponsored by: University Lectures Committee,Center for International Studies,Society for the Humanities,Women&apos;s Studies Program,Faculty Committee on Arabic and Islamic Studies of the College of Arts and Sciences.</subfield></datafield><datafield ind1=' ' ind2=' ' tag='500'><subfield code='a'>Speaker(s): Universite Mohamed V. Institut, Universitaire de la Recherche Scientifique, Morocco.</subfield></datafield><datafield ind1=' ' ind2=' ' tag='518'><subfield code='a'>Lecture, October 7, 1988.</subfield></datafield><datafield ind1=' ' ind2=' ' tag='520'><subfield code='a'>Mernissi attributes the suppression of women&apos;s rights in the Muslim world to the advent of Islam and describes the role of women in modern Muslim society.</subfield></datafield><datafield ind1=' ' ind2='0' tag='650'><subfield code='a'>Muslim women</subfield><subfield code='x'>Social conditions.</subfield></datafield><datafield ind1=' ' ind2='0' tag='650'><subfield code='a'>Women in Islam.</subfield></datafield><datafield ind1=' ' ind2='0' tag='650'><subfield code='a'>Women (Islamic law)</subfield></datafield><datafield ind1=' ' ind2='7' tag='650'><subfield code='a'>Muslim women</subfield><subfield code='x'>Social conditions</subfield><subfield code='2'>fast</subfield><subfield code='0'>(OCoLC)fst01031015</subfield></datafield><datafield ind1=' ' ind2='7' tag='650'><subfield code='a'>Women in Islam</subfield><subfield code='2'>fast</subfield><subfield code='0'>(OCoLC)fst01177797</subfield></datafield><datafield ind1=' ' ind2='7' tag='650'><subfield code='a'>Women (Islamic law)</subfield><subfield code='2'>fast</subfield><subfield code='0'>(OCoLC)fst01735659</subfield></datafield><datafield ind1=' ' ind2='0' tag='830'><subfield code='a'>Feminist perspectives on women in the Arabo-Islamic culture.</subfield></datafield><datafield ind1=' ' ind2='0' tag='830'><subfield code='a'>Arabic and Islamic lectures.</subfield></datafield><datafield ind1='1' ind2=' ' tag='899'><subfield code='a'>CULectures</subfield></datafield><datafield ind1=' ' ind2=' ' tag='905'><subfield code='a'>20000417120000.0</subfield></datafield><datafield ind1='2' ind2=' ' tag='948'><subfield code='a'>20141221</subfield><subfield code='b'>m</subfield><subfield code='d'>batch</subfield><subfield code='e'>lts</subfield><subfield code='x'>addfast</subfield></datafield></record>